<record xmlns="http://www.loc.gov/MARC21/slim">
   <leader>01674cam a2200397 i 45 0</leader>
   <controlfield tag="001">6770459</controlfield>
   <controlfield tag="003">OCoLC</controlfield>
   <controlfield tag="005">20150109121410.0</controlfield>
   <controlfield tag="008">131115s2015    nyua     b    001 0 eng  </controlfield>
   <datafield ind1=" " ind2=" " tag="010">
      <subfield code="a">  2013041704</subfield>
   </datafield>
   <datafield ind1=" " ind2=" " tag="015">
      <subfield code="a">GBB3A5271</subfield>
      <subfield code="2">bnb</subfield>
   </datafield>
   <datafield ind1="7" ind2=" " tag="016">
      <subfield code="a">016546881</subfield>
      <subfield code="2">Uk</subfield>
   </datafield>
   <datafield ind1=" " ind2=" " tag="020">
      <subfield code="a">9780073397924 (alk. paper)</subfield>
   </datafield>
   <datafield ind1=" " ind2=" " tag="020">
      <subfield code="a">007339792X (alk. paper)</subfield>
   </datafield>
   <datafield ind1=" " ind2=" " tag="035">
      <subfield code="a">ocn863127625</subfield>
   </datafield>
   <datafield ind1=" " ind2=" " tag="040">
      <subfield code="a">DLC</subfield>
      <subfield code="b">eng</subfield>
      <subfield code="e">rda</subfield>
      <subfield code="c">DLC</subfield>
      <subfield code="d">YDX</subfield>
      <subfield code="d">UKMGB</subfield>
      <subfield code="d">AU@</subfield>
      <subfield code="d">YDXCP</subfield>
      <subfield code="d">LTSCA</subfield>
      <subfield code="d">IXA</subfield>
      <subfield code="d">OCLCF</subfield>
      <subfield code="d">PUL</subfield>
      <subfield code="d">OCLCO</subfield>
   </datafield>
   <datafield ind1=" " ind2=" " tag="042">
      <subfield code="a">pcc</subfield>
   </datafield>
   <datafield ind1="0" ind2="0" tag="050">
      <subfield code="a">TA345</subfield>
      <subfield code="b">.C47 2015</subfield>
   </datafield>
   <datafield ind1="0" ind2="0" tag="082">
      <subfield code="a">518.024/62</subfield>
      <subfield code="2">23</subfield>
   </datafield>
   <datafield ind1=" " ind2=" " tag="090">
      <subfield code="a">TA 345 C46 2015</subfield>
      <subfield code="b">AEU</subfield>
   </datafield>
   <datafield ind1="1" ind2=" " tag="100">
      <subfield code="a">Chapra, Steven C.</subfield>
   </datafield>
   <datafield ind1="1" ind2="0" tag="245">
      <subfield code="a">Numerical methods for engineers /</subfield>
      <subfield code="c">Steven C. Chapra, Berger chair in computing and engineering, Tufts University, Raymond P. Canale, professor emeritus of civil engineering, University of Michigan.</subfield>
   </datafield>
   <datafield ind1=" " ind2=" " tag="250">
      <subfield code="a">Seventh edition.</subfield>
   </datafield>
   <datafield ind1=" " ind2="1" tag="264">
      <subfield code="a">New York, NY :</subfield>
      <subfield code="b">McGraw-Hill Education,</subfield>
      <subfield code="c">[2015]</subfield>
   </datafield>
   <datafield ind1=" " ind2=" " tag="300">
      <subfield code="a">xvi, 970 pages :</subfield>
      <subfield code="b">illustrations ;</subfield>
      <subfield code="c">24 cm</subfield>
   </datafield>
   <datafield ind1=" " ind2=" " tag="336">
      <subfield code="a">text</subfield>
      <subfield code="2">rdacontent</subfield>
   </datafield>
   <datafield ind1=" " ind2=" " tag="337">
      <subfield code="a">unmediated</subfield>
      <subfield code="2">rdamedia</subfield>
   </datafield>
   <datafield ind1=" " ind2=" " tag="338">
      <subfield code="a">volume</subfield>
      <subfield code="2">rdacarrier</subfield>
   </datafield>
   <datafield ind1=" " ind2=" " tag="504">
      <subfield code="a">Includes bibliographical references (pages 954-956) and index.</subfield>
   </datafield>
   <datafield ind1=" " ind2=" " tag="596">
      <subfield code="a">48</subfield>
   </datafield>
   <datafield ind1=" " ind2="0" tag="650">
      <subfield code="a">Engineering mathematics</subfield>
      <subfield code="x">Data processing.</subfield>
   </datafield>
   <datafield ind1=" " ind2="0" tag="650">
      <subfield code="a">Numerical calculations</subfield>
      <subfield code="x">Data processing.</subfield>
   </datafield>
   <datafield ind1=" " ind2="0" tag="650">
      <subfield code="a">Microcomputers</subfield>
      <subfield code="x">Programming.</subfield>
   </datafield>
   <datafield ind1="1" ind2=" " tag="700">
      <subfield code="a">Canale, Raymond P.</subfield>
   </datafield>
   <datafield ind1=" " ind2=" " tag="926">
      <subfield code="a">TA 345 C46 2015</subfield>
      <subfield code="w">LC</subfield>
      <subfield code="c">1</subfield>
      <subfield code="i">0162033616044</subfield>
      <subfield code="d">3/21/2017</subfield>
      <subfield code="e">3/21/2017</subfield>
      <subfield code="k">RESERVES</subfield>
      <subfield code="l">ON_SHELF</subfield>
      <subfield code="m">UASCITECH</subfield>
      <subfield code="n">18</subfield>
      <subfield code="p">$150.00</subfield>
      <subfield code="r">Y</subfield>
      <subfield code="s">Y</subfield>
      <subfield code="t">SHORT_LOAN</subfield>
      <subfield code="u">1/9/2015</subfield>
      <subfield code="0">TEXTBOOK</subfield>
   </datafield>
   <datafield ind1=" " ind2=" " tag="926">
      <subfield code="a">TA 345 C46 2015</subfield>
      <subfield code="w">LC</subfield>
      <subfield code="c">2</subfield>
      <subfield code="i">0162033695451</subfield>
      <subfield code="d">8/15/2016</subfield>
      <subfield code="e">8/12/2016</subfield>
      <subfield code="k">RESERVES</subfield>
      <subfield code="l">ON_SHELF</subfield>
      <subfield code="m">UASCITECH</subfield>
      <subfield code="n">24</subfield>
      <subfield code="p">$150.00</subfield>
      <subfield code="r">Y</subfield>
      <subfield code="s">Y</subfield>
      <subfield code="t">SHORT_LOAN</subfield>
      <subfield code="u">9/8/2015</subfield>
      <subfield code="0">TEXTBOOK</subfield>
   </datafield>
</record>
